3076 4854
1486 201 1571 302 ιο

953 487 979 504 ·-
1073 457 1278 532 utque
1319 429 1723 518 Cratinus
1794 495 1797 500 -

519 591 529 603 ·
631 556 970 640 admoneo
1019 566 1174 626 ante
1219 557 1430 638 bibas.

849 667 1107 738 ieiunis
1123 669 1210 740 nil
1254 669 1491 748 scribo.

196 778 308 870 (cI.
385 747 584 856 etiam
653 780 818 854 Aur..
876 781 1097 851 XXVI
1154 799 1176 848 ι
1216 815 1266 846 ι
1317 803 1603 872 namque
1670 783 1971 855 iniurium
2042 794 2143 852 est
2214 785 2299 851 de
2374 795 2618 872 poeta
2653 786 2821 855 male

195 888 425 982 sobrio
508 890 818 960 lectorem
890 893 1288 962 abstemium
1367 894 1684 982 iudicare)
1761 915 2010 982 neque
2043 897 2347 981 congruit
2422 919 2572 968 cum
2653 898 2814 965 Hor.

79 993 88 1002 ’
200 979 332 1089 Ep.
383 1003 410 1071 1
468 1021 546 1090 ¹9
579 1036 682 1079 -3
728 1025 941 1090 neque
982 1025 1137 1073 cum
1183 1007 1390 1093 epigr.
1437 1007 1521 1086 Α
1571 1006 1841 1084 P.X111
1890 1025 1973 1092 29
2020 1007 2427 1081 Νικαινέτου

532 1108 727 1195 Olvoc
769 1138 875 1184 τοι
916 1117 1226 1205 χαρίεντι
1256 1115 1440 1186 πέλει
1488 1110 1697 1206 ταχὺς
1738 1114 1941 1199 ἵππος
1986 1115 2229 1210 ἀοιδῷ

526 1221 704 1315 ὕδωρ
747 1225 817 1295 δὲ·
859 1228 1082 1298 πίνων
1123 1219 1402 1298 οὐδὲν“
1358 1251 1447 1298 αν
1487 1228 1703 1309 τέκοις
1748 1227 1977 1316 σοφόν.

533 1333 726 1407 Ibor'
768 1335 1055 1428 ἔλεγεν.
1105 1389 1122 1412 .
1172 1385 1209 1409 .-
1361 1387 1366 1392 ὓ

527 1453 858 1538 Koarlmc
907 1501 1188 1524 .....

416 1560 635 1630 Locus
680 1583 720 1630 a
765 1563 1126 1634 Dezeimeri
1187 1574 1520 1634 correctus
1564 1576 1683 1642 est,
1732 1564 1997 1634 codices
2076 1563 2323 1634 habent
2383 1587 2503 1652 pro
2573 1577 2818 1654 „utque

199 1673 544 1746 Cratinus··
595 1685 752 1753 ..aut
799 1672 1167 1746 Erasinus.“

311 1853 318 1858 .
417 1785 581 1855 Αυ3.
630 1785 780 1854 XIII
840 1805 926 1854 r
909 1825 1005 1863 ⁴·
1558 1862 1563 1868 ,

524 1900 624 1976 die
666 1898 899 1976 παῖδες
939 1897 1004 1964 υἱ
1051 1899 1360 1985 γέροντες
1443 1939 1448 1946 ·
1499 1933 1504 1938 ·
2342 1961 2345 1966 ,
2401 1955 2407 1966 ,
2446 1957 2449 1959 Α
2816 1957 2821 1963 .

143 2073 150 2078 .
199 2037 288 2070 ===
336 2007 679 2094 Aristoph.
747 2009 1144 2094 Nub.1417
1195 2009 1378 2077 adeo
1442 2009 1864 2096 proverbium
1910 2013 2177 2098 sap1t1)
2227 2022 2299 2080 ut
2344 2031 2476 2078 non
2538 1955 2818 2080 audeam
2901 2051 2918 2096 ·;

73 2103 80 2112 ⁶
202 2117 821 2203 Aristophanis
881 2120 1236 2248 vestigium
1298 2111 1568 2206 ponere,
1622 2121 2006 2204 praesertim
2053 2141 2203 2187 cum
2250 2121 2437 2188 alibi
2466 2115 2819 2190 invenerim
2868 2187 2871 2190 ,

202 2228 484 2296 nullum:
2731 2245 2736 2251 '

379 2339 646 2422 Itaque
719 2339 804 2405 de
871 2339 1087 2429 poetis
1152 2339 1426 2408 scenicis
1495 2358 1695 2412 unum
1767 2337 2198 2441 Menandrum
2276 2340 2471 2408 inter
2474 2401 2479 2408 ,
2516 2350 2819 2408 auctores

86 2497 102 2537 ς
204 2452 482 2523 Ausonii
530 2472 782 2540 ponere
827 2451 992 2520 licet.

367 2734 636 2802 Venio
681 2735 766 2800 ad
813 2743 1118 2819 poetas
1164 2734 1502 2818 epicos,
1553 2754 1592 2799 c
1638 2734 1875 2839 quibus
1925 2732 2366 2813 Homerus,
2415 2704 2657 2820 quippe
2706 2737 2816 2819 qui

203 2845 267 2913 in
315 2842 554 2913 scholis
600 2844 945 2931 legeretur,
1000 2854 1226 2915 nostro
1281 2854 1348 2913 et
1395 2844 1668 2912 discenti
1716 2853 1783 2913 et
1842 2844 2102 2913 docenti
2153 2844 2214 2913 in
2262 2845 2563 2914 manibus
2627 2846 2819 2914 suerit

166 2975 472 3024 mec-esse
541 2965 659 3024 est.
799 2954 1058 3031 Nomen
1131 2954 1405 3023 Homeri
1475 2955 1882 3045 saepiuscule
1952 2954 2250 3039 legimus.
2317 2975 2395 3027 e.-
2441 2975 2506 3040 g.
2570 2975 2623 3021 e.
2680 2972 2765 3021 11
2747 2987 2815 3033 m

63 3122 68 3127 .
203 3068 281 3136 E.
347 3066 562 3137 XVIII
599 3102 668 3146 η,
737 3068 894 3136 XVI
944 3083 1027 3136 22
1069 3100 1136 3149 22,
1153 3066 1311 3135 .XX
1346 3100 1415 3146 u,
1487 3066 1642 3135 VIII
1689 3086 1733 3150 4
1768 3088 1850 3142 29:
1926 3065 2261 3134 Homerici
2334 3067 2675 3161 oratores,¹
2729 3068 2815 3137 ib.

210 3193 287 3263 13
323 3197 403 3255 ,οε
452 3160 845 3250 Homericos
890 3200 1134 3251 versus,
2733 3201 2739 3207 ·

421 3289 772 3377 Smyrnam
819 3292 1097 3375 patriam
1143 3290 1283 3403 eius
1327 3288 1486 3356 dicit
1530 3287 1748 3356 XVIII
1782 3320 1858 3362 ³7³
1944 3294 1949 3301 ’
1986 3306 1989 3309 ’

1384 3399 1590 3486 quod
1614 3400 1665 3467 si
1714 3400 1832 3468 tibi
1883 3400 1989 3466 dia
2038 3398 2309 3467 Mosella
2384 3388 2389 3395 ’
2460 3380 2498 3487 J

527 3512 809 3599 Smyrna
853 3534 1045 3581 suum
1092 3520 1324 3584 vatem·
1355 3511 1459 3579 vel
1503 3510 1775 3583 Mantua
1822 3510 1993 3578 clara
2040 3511 2327 3578 dedisset
2414 3518 2417 3523 ’

419 3623 678 3708 Opera:
726 3624 907 3692 XVII
956 3624 1000 3689 6
1029 3656 1052 3687 a
1099 3622 1466 3709 Odyssean.
1516 3620 1666 3689 XIII
1717 3636 1751 3687 2
1790 3641 1841 3693 ⁴⁶
1886 3620 2189 3689 conditor
2232 3619 2489 3688 Iliados.

421 3732 906 3802 Grammaticos
968 3733 1080 3820 qui
1145 3733 1206 3800 in
1274 3731 1505 3799 studiis
1578 3729 1944 3799 Homericis
2013 3731 2248 3799 versati
2326 3732 2454 3799 sint
2524 3732 2817 3800 nominat

125 3896 130 3903 .
203 3842 538 3912 Cratctcm
587 3844 938 3923 Mallotam.
987 3836 1422 3920 Zenodotum.
1449 3840 1925 3909 Aristarchum
1982 3860 2193 3925 neque
2244 3842 2413 3909 niale
2459 3840 2544 3907 de
2592 3860 2814 3909 corum

20 3948 22 3961 '
151 4014 156 4021 .
203 3951 439 4020 studiis
499 3952 867 4021 Homericis
927 3974 1000 4022 se
1059 3950 1336 4039 praebet
1390 3946 1717 4018 eruditum
1764 3949 1841 4015 cs.
1893 3952 1967 4018 E.
2018 3952 2233 4019 XVIII
2252 3971 2431 4029 20-20,
2483 3948 2806 4027 xxm-1³.

203 4062 365 4135 XVI
421 4076 499 4140 14
529 4092 570 4133 s.
655 4110 658 4117 -

431 4356 468 4430 ·)
508 4356 588 4411 cr.
627 4356 808 4415 sehon.
849 4356 1104 4425 Ari-toph.
1143 4323 1282 4413 uuir.
1330 4369 1481 4425 ιω.
