3076 4854
1555 228 1595 290 ‘7

568 423 946 522 'mgentem
992 435 1048 502 d
1054 425 1190 504 ἀπὸ
1231 455 1513 523 newton
1556 436 1816 522 ἐπέξιθι
1862 438 1976 508 καὶ
2019 428 2371 525 μετέπειτα
2488 423 2520 466 ·'

584 541 779 614 Δειλά
821 543 946 633 μὲν
987 544 1237 638 ἐκπρὴξ
1237 573 1316 630 α·
1359 543 1777 640 ἐπιπλήσσω,
1821 545 2080 641 χρηστὰ
2124 549 2193 620 δὲ
2242 549 2511 638 τέρπου.

410 645 572 725 Cf.
629 657 792 726 Aus
841 657 926 724 de
971 658 1114 726 viro
1163 659 1342 726 bono
1387 659 1626 729 XXX·
1608 683 1765 735 ιι-ι

495 833 514 846 „
591 778 722 836 non
763 769 947 856 prius
995 771 1057 836 in
1106 771 1359 838 dulcem
1409 773 1741 870 declinans
1787 775 2027 841 lumina
2073 793 2385 882 somnum
2504 791 2507 798 ·

585 881 806 948 omnia
853 902 1051 966 quam
1098 883 1274 966 longi
1326 865 1727 972 reputaverit
1771 897 1919 952 acta
1965 886 2131 957 diei:

584 1013 754 1077 quae
801 993 1342 1094 praetergressus,
1392 997 1553 1080 quid
1614 1009 1880 1080 gestum
1950 997 2013 1061 in
2084 1007 2407 1080 tempore.
2474 997 2667 1110 quid
2700 993 2879 1064 non?

262 1113 422 1174 etc.:
495 1123 554 1172 v.
603 1117 685 1184 23

367 1247 370 1252 ·
1120 1217 1214 1282 sic
1261 1218 1435 1282 dicta
1483 1229 1551 1282 et
1596 1216 1765 1284 sacta
1811 1237 1931 1301 per
1977 1218 2201 1284 omnia

589 1327 958 1414 ingrediens
1005 1339 1284 1416 ortoque
1332 1349 1370 1395 a
1417 1348 1689 1415 vespere
1739 1338 1979 1396 cuncta
2024 1327 2365 1396 revolvens

582 1439 867 1504 offensus
913 1442 1129 1524 pravis
1169 1441 1283 1508 dat
1329 1441 1611 1526 palmam
1660 1449 1727 1506 et
1772 1439 2063 1526 praemia
2108 1440 2319 1506 rectis.

474 1550 824 1635 Subiungo
871 1549 1306 1630 Solonem,
1345 1551 1537 1616 'cuius
1583 1549 1929 1634 vestigium
1976 1549 2217 1632 legitur
2259 1550 2509 1618 XXVII
2563 1565 2706 1634 51--

499 1722 504 1728 .
583 1661 832 1730 Indicat
879 1662 940 1726 in
984 1663 1200 1748 pueris
1248 1663 1593 1750 septennia
1640 1663 1848 1742 orinia
1896 1681 2103 1728 novus
2149 1662 2331 1738 dens,

446 1787 452 1794 ·
583 1774 907 1862 pubentes
954 1794 1160 1841 annos
1212 1774 1541 1843 robustior
1585 1773 1899 1858 anticipat
1946 1790 2079 1840 vox

477 1881 610 1950 Sol.
663 1898 778 1967 27·
830 1883 1100 1970 (Bergk)
1896 1907 1903 1914 ·

689 1997 856 2072 Παῖς
897 1995 1020 2084 μὲν
1065 1989 1310 2104 ἅνηβρς
1357 1993 1490 2066 ἐωι
1531 1993 1628 2064 ἔτι
1679 1995 1915 2086 ιη’πιος
1961 1992 2151 2083 ἴρεως
2196 1988 2353 2064 «idda
2338 2019 2499 2066 ww

581 2098 798 2190 φύσας
840 2105 1146 2192 ἐκβάλλει
1190 2112 1469 2196 πρῶτοι
1507 2105 1587 2179 ἐι·
1630 2097 1781 2175 ἔτι
1822 2104 2057 2179 ἔτεσιν.

475 2217 611 2286 Sed
657 2221 877 2305 potius
920 2223 1182 2288 credam
1233 2221 1358 2288 hoc
1405 2222 1684 2306 petitum
1730 2239 1873 2288 esse
1938 2241 1975 2284 e
2028 2219 2390 2286 Censorino
2453 2221 2540 2288 de
2582 2220 2692 2287 die
2738 2229 2873 2288 nat.

259 2317 418 2402 xlv
465 2345 539 2416 7·
597 2340 715 2408 „ut
761 2331 824 2397 in
873 2331 1084 2414 elegia
1133 2330 1391 2396 Solonis
1437 2331 1661 2397 datur:
1714 2331 1804 2395 ait
1850 2331 2021 2396 enim
2085 2330 2149 2396 in
2196 2330 2404 2424 prima
2448 2329 2871 2415 hebdomade

259 2443 489 2512 dentes
557 2441 804 2509 homini
881 2446 1136 2520 cadere.
1209 2446 1271 2510 in
1342 2444 1631 2511 secunda
1700 2444 1943 2529 pubem
2006 2462 2343 2536 apparere,
2406 2452 2627 2510 tamen
2675 2441 2737 2509 in
2787 2440 2867 2513 11.

256 2554 675 2622 hebdomade
723 2554 824 2623 vel
870 2556 1218 2640 incipiente
1265 2556 1451 2623 tertia
1499 2575 1730 2623 vocem
1776 2554 2158 2621 crassiorem
2202 2552 2405 2625 ᾔει-Ψ.

471 2663 808 2730 Censorini
879 2665 1060 2729 locos
1129 2665 1414 2731 Schenkl
1485 2667 1550 2729 in
1620 2665 1909 2730 editione
1987 2666 2360 2750 complures
2432 2674 2705 2731 annotat
2777 2663 2879 2731 ad'
2944 2710 2951 2717 -

202 2766 204 2768 ’
260 2777 416 2842 Aus.
443 2774 719 2858 XXXV3
743 2774 821 2842 cs.
851 2777 1048 2841 etiam
1074 2797 1241 2860 quae
1276 2775 1434 2841 infra
1464 2777 1524 2839 in
1563 2774 1858 2840 Hesiodo
1891 2776 2052 2883 etin
2086 2774 2252 2841 thesi
2286 2775 2329 2841 1-.
2358 2772 2665 2842 allaturus
2694 2795 2862 2841 sum.

1135 2976 1401 2987 muno—n-—u

472 3118 588 3185 De
669 3121 1040 3185 scenicis
1124 3122 1404 3207 poetis
1482 3141 1613 3187 non
1685 3120 1890 3188 multo
1962 3114 2239 3186 certiora
2315 3126 2603 3186 statuere
2680 3100 2865 3199 licen
2984 3173 2992 3185 .

143 3214 148 3217 ¹
255 3229 540 3313 tragicos
589 3231 1010 3299 ne·nominat
1054 3232 1343 3316 quidem,
1393 3232 1517 3298 loci
1566 3231 1878 3318 perpauci
1927 3240 2079 3296 sunt
2126 3228 2508 3309 fabularum,
2582 3249 2747 3315 quas
2777 3219 2865 3321 m'j
2916 3270 2925 3279 -

257 3322 741 3418 tractaverunt.''
778 3339 959 3409 dubii
1030 3340 1179 3407 ideo
1241 3341 1420 3427 quod
1491 3340 1878 3427 plerumque
1946 3336 2265 3407 incertum
2332 3347 2431 3405 est
2498 3346 2710 3406 utrum
2780 3357 2869 3407 ex

216 3449 416 3534 'ipsis
471 3430 552 3516 an
601 3450 861 3519 aliunde
919 3451 1251 3531 fluxerint:
1327 3473 1442 3520 eos
1490 3472 1646 3520 vero
1710 3433 2207 3538 loeos'prorsus
2254 3450 2659 3532 omittendos
2720 3470 2868 3519 esse

255 3560 496 3638 censui,
531 3560 641 3644 qui
678 3562 896 3645 potius
943 3564 1026 3631 ad
1061 3562 1759 3649 VergiliumOvidium
1794 3558 2075 3632 Statium
2110 3554 2457 3630 revocandi
2507 3560 2868 3633 videantur.

473 3668 786 3756 Sphingis
834 3674 1138 3757 aenigma
1182 3674 1490 3761 exprimit
1521 3673 1936 3749 xxv12·-⁴·.
1968 3652 2085 3738 sed
2134 3660 2260 3739 hoc
2304 3672 2495 3739 nimis
2526 3671 2867 3756 vulgatum

256 3799 392 3870 est,
456 3798 527 3856 ut
574 3806 705 3852 non
759 3785 1039 3851 audeam
1109 3796 1494 3874 argumenta
1553 3785 1703 3854 Eur.
1774 3782 2011 3903 Phoen.
2075 3782 2178 3851 vel
2237 3782 2442 3868 Soph
2492 3781 2656 3853 Oed.
2703 3782 2863 3871 Tyr.

257 3922 378 3986 pro
427 3900 713 3968 sontibus
760 3917 1022 3982 ponere

471 4009 818 4099 Sophoclis
866 4030 1066 4076 unum
1115 4010 1332 4079 locum
1387 4009 1761 4114 dubitanter
1805 4016 2081 4075 annotat
2130 4004 2447 4075 Schenkl:

469 4124 630 4195 AUS.
682 4122 776 4190 IV
826 4137 862 4207 7
888 4153 1038 4183 ιο-ιι
1406 4215 1415 4226 .

327 4266 375 4317 ῳ
577 4236 873 4304 infandas
917 4235 1115 4302 etiam
1164 4255 1432 4303 veneres
1479 4233 1859 4315 incestaque
1906 4230 2117 4297 noctis

576 4348 899 4414 dedecora
945 4355 1010 4413 et
1056 4344 1342 4429 tragicos
1389 4338 1668 4431 patimur
1716 4362 1833 4430 per
1878 4342 2133 4438 somnia
2178 4350 2408 4409 coetus
