<?xml version="1.0" encoding="UTF-8"?>
<!DOCTYPE html PUBLIC "-//W3C//DTD XHTML 1.0 Transitional//EN"
    "http://www.w3.org/TR/xhtml1/DTD/xhtml1-transitional.dtd">
<html xmlns="http://www.w3.org/1999/xhtml" xml:lang="en" lang="en">
 <head>
  <title>
</title>
<meta http-equiv="Content-Type" content="text/html;charset=utf-8" />
  <meta name='ocr-system' content='tesseract 3.04.00' />
  <meta name='ocr-capabilities' content='ocr_page ocr_carea ocr_par ocr_line ocrx_word'/>
</head>
<body>
  <div class='ocr_page' id='page_1' title='image "./deausonianisstu01stahgoog_0010.png"; bbox 0 0 3076 4854; ppageno 0'>
   <div class='ocr_carea' id='block_1_1' title="bbox 133 1428 2841 1660">
    <p class='ocr_par' dir='ltr' id='par_1_1' title="bbox 133 1428 2841 1660">
     <span class='ocr_line' id='line_1_1' title="bbox 251 1428 2758 1552; baseline 0.002 -22.18"><span class='ocrx_word' id='word_1_1' title='bbox 251 1428 510 1536; x_wconf 85' lang='lat' dir='ltr'>De</span> <span class='ocrx_word' id='word_1_2' title='bbox 555 1434 954 1531; x_wconf 82' lang='lat' dir='ltr'>Ausonianis</span> <span class='ocrx_word' id='word_1_3' title='bbox 996 1462 1230 1530; x_wconf 90' lang='lat' dir='ltr'>studiis</span> <span class='ocrx_word' id='word_1_4' title='bbox 1274 1472 1627 1550; x_wconf 84' lang='lat' dir='ltr'>poetarum</span> <span class='ocrx_word' id='word_1_5' title='bbox 1673 1461 2114 1530; x_wconf 85' lang='lat' dir='ltr'>Graecorum</span> <span class='ocrx_word' id='word_1_6' title='bbox 2130 1463 2470 1552; x_wconf 88' lang='lat' dir='ltr'>scrip&#39;turo</span> <span class='ocrx_word' id='word_1_7' title='bbox 2508 1431 2758 1552; x_wconf 76' lang='lat' dir='ltr'>pauca¹</span> 
     </span>
     <span class='ocr_line' id='line_1_2' title="bbox 133 1569 2841 1660; baseline 0.001 -21"><span class='ocrx_word' id='word_1_8' title='bbox 133 1571 290 1640; x_wconf 88' lang='lat' dir='ltr'>mihi</span> <span class='ocrx_word' id='word_1_9' title='bbox 333 1571 822 1660; x_wconf 87' lang='lat' dir='ltr'>praemonenda</span> <span class='ocrx_word' id='word_1_10' title='bbox 891 1569 1212 1647; x_wconf 88' lang='lat' dir='ltr'>videntur.</span> <span class='ocrx_word' id='word_1_11' title='bbox 1284 1571 1522 1654; x_wconf 88' lang='lat' dir='ltr'>quibus</span> <span class='ocrx_word' id='word_1_12' title='bbox 1596 1589 1947 1656; x_wconf 81' lang='lat' dir='ltr'>exponam.</span> <span class='ocrx_word' id='word_1_13' title='bbox 2019 1571 2231 1657; x_wconf 88' lang='lat' dir='ltr'>qualis</span> <span class='ocrx_word' id='word_1_14' title='bbox 2295 1571 2361 1638; x_wconf 89' lang='lat' dir='ltr'>in</span> <span class='ocrx_word' id='word_1_15' title='bbox 2420 1593 2507 1640; x_wconf 90' lang='lat' dir='ltr'>eo</span> <span class='ocrx_word' id='word_1_16' title='bbox 2554 1573 2753 1660; x_wconf 80' lang='lat' dir='ltr'>suerit</span> <span class='ocrx_word' id='word_1_17' title='bbox 2834 1615 2841 1622; x_wconf 90' lang='lat'><strong>·</strong></span> 
     </span>
    </p>
   </div>
   <div class='ocr_carea' id='block_1_2' title="bbox 133 1680 2753 1770">
    <p class='ocr_par' dir='ltr' id='par_1_2' title="bbox 133 1680 2753 1770">
     <span class='ocr_line' id='line_1_3' title="bbox 133 1680 2753 1770; baseline 0.002 -23"><span class='ocrx_word' id='word_1_18' title='bbox 133 1683 394 1766; x_wconf 80' lang='lat' dir='ltr'>linguae</span> <span class='ocrx_word' id='word_1_19' title='bbox 439 1682 731 1750; x_wconf 78' lang='lat' dir='ltr'>Graecae</span> <span class='ocrx_word' id='word_1_20' title='bbox 780 1682 1029 1752; x_wconf 87' lang='lat' dir='ltr'>notitia.</span> <span class='ocrx_word' id='word_1_21' title='bbox 1125 1680 1354 1766; x_wconf 84' lang='lat' dir='ltr'><strong>Atque</strong></span> <span class='ocrx_word' id='word_1_22' title='bbox 1415 1682 1563 1752; x_wconf 87' lang='lat' dir='ltr'>hoc</span> <span class='ocrx_word' id='word_1_23' title='bbox 1589 1682 1856 1768; x_wconf 87' lang='lat' dir='ltr'>quidem</span> <span class='ocrx_word' id='word_1_24' title='bbox 1916 1703 2050 1750; x_wconf 88' lang='lat' dir='ltr'>non</span> <span class='ocrx_word' id='word_1_25' title='bbox 2110 1683 2314 1749; x_wconf 88' lang='lat' dir='ltr'>modo</span> <span class='ocrx_word' id='word_1_26' title='bbox 2374 1704 2415 1752; x_wconf 87' lang='lat' dir='ltr'>e</span> <span class='ocrx_word' id='word_1_27' title='bbox 2457 1684 2753 1770; x_wconf 82' lang='lat' dir='ltr'>vestigiis</span> 
     </span>
    </p>
   </div>
   <div class='ocr_carea' id='block_1_3' title="bbox 133 1791 2823 1884">
    <p class='ocr_par' dir='ltr' id='par_1_3' title="bbox 133 1791 2823 1884">
     <span class='ocr_line' id='line_1_4' title="bbox 133 1791 2823 1884; baseline 0.004 -29"><span class='ocrx_word' id='word_1_28' title='bbox 133 1791 400 1858; x_wconf 87' lang='lat' dir='ltr'>Graecis</span> <span class='ocrx_word' id='word_1_29' title='bbox 446 1792 731 1858; x_wconf 89' lang='lat' dir='ltr'>sermoni</span> <span class='ocrx_word' id='word_1_30' title='bbox 783 1792 919 1856; x_wconf 90' lang='lat' dir='ltr'>eius</span> <span class='ocrx_word' id='word_1_31' title='bbox 965 1791 1296 1878; x_wconf 77' lang='lat' dir='ltr'>impressis</span> <span class='ocrx_word' id='word_1_32' title='bbox 1343 1793 1711 1878; x_wconf 85' lang='lat' dir='ltr'>apparebit,</span> <span class='ocrx_word' id='word_1_33' title='bbox 1759 1791 1877 1858; x_wconf 89' lang='lat' dir='ltr'>sed</span> <span class='ocrx_word' id='word_1_34' title='bbox 1926 1793 2123 1860; x_wconf 85' lang='lat' dir='ltr'>etlam</span> <span class='ocrx_word' id='word_1_35' title='bbox 2170 1814 2255 1860; x_wconf 84' lang='lat' dir='ltr'>ex</span> <span class='ocrx_word' id='word_1_36' title='bbox 2280 1793 2374 1861; x_wconf 87' lang='lat' dir='ltr'>eis</span> <span class='ocrx_word' id='word_1_37' title='bbox 2402 1815 2575 1884; x_wconf 85' lang='lat' dir='ltr'>quae</span> <span class='ocrx_word' id='word_1_38' title='bbox 2606 1795 2749 1878; x_wconf 86' lang='lat' dir='ltr'>ipse</span> <span class='ocrx_word' id='word_1_39' title='bbox 2816 1859 2823 1866; x_wconf 84' lang='lat'><strong>.</strong></span> 
     </span>
    </p>
   </div>
   <div class='ocr_carea' id='block_1_4' title="bbox 131 1902 2754 2216">
    <p class='ocr_par' dir='ltr' id='par_1_4' title="bbox 131 1902 2754 2216">
     <span class='ocr_line' id='line_1_5' title="bbox 133 1902 2754 1992; baseline 0.002 -24"><span class='ocrx_word' id='word_1_40' title='bbox 133 1903 476 1970; x_wconf 81' lang='lat' dir='ltr'>nobiscum</span> <span class='ocrx_word' id='word_1_41' title='bbox 523 1903 965 1970; x_wconf 77' lang='lat' dir='ltr'>communicat</span> <span class='ocrx_word' id='word_1_42' title='bbox 1013 1902 1096 1969; x_wconf 87' lang='lat' dir='ltr'>de</span> <span class='ocrx_word' id='word_1_43' title='bbox 1166 1903 1533 1978; x_wconf 78' lang='lat' dir='ltr'>eruditione</span> <span class='ocrx_word' id='word_1_44' title='bbox 1604 1905 1805 1989; x_wconf 86' lang='lat' dir='ltr'>atque</span> <span class='ocrx_word' id='word_1_45' title='bbox 1872 1903 2105 1970; x_wconf 88' lang='lat' dir='ltr'>studiis</span> <span class='ocrx_word' id='word_1_46' title='bbox 2170 1904 2323 1982; x_wconf 84' lang='lat' dir='ltr'>suis,</span> <span class='ocrx_word' id='word_1_47' title='bbox 2388 1925 2558 1992; x_wconf 86' lang='lat' dir='ltr'>quae</span> <span class='ocrx_word' id='word_1_48' title='bbox 2620 1925 2754 1973; x_wconf 91' lang='lat' dir='ltr'>uno</span> 
     </span>
     <span class='ocr_line' id='line_1_6' title="bbox 131 2012 2520 2103; baseline 0.001 -24"><span class='ocrx_word' id='word_1_49' title='bbox 131 2015 369 2081; x_wconf 89' lang='lat' dir='ltr'>obtutu</span> <span class='ocrx_word' id='word_1_50' title='bbox 420 2015 852 2100; x_wconf 79' lang='lat' dir='ltr'>contemplari</span> <span class='ocrx_word' id='word_1_51' title='bbox 901 2035 986 2080; x_wconf 81' lang='lat' dir='ltr'>ex</span> <span class='ocrx_word' id='word_1_52' title='bbox 1033 2033 1151 2080; x_wconf 87' lang='lat' dir='ltr'>usu</span> <span class='ocrx_word' id='word_1_53' title='bbox 1203 2012 1340 2082; x_wconf 81' lang='lat' dir='ltr'>fore</span> <span class='ocrx_word' id='word_1_54' title='bbox 1387 2036 1604 2103; x_wconf 87' lang='lat' dir='ltr'>spero.</span> <span class='ocrx_word' id='word_1_55' title='bbox 2510 2033 2520 2046; x_wconf 92' lang='lat'><strong>·</strong></span> 
     </span>
     <span class='ocr_line' id='line_1_7' title="bbox 349 2127 2749 2216; baseline 0.003 -24"><span class='ocrx_word' id='word_1_56' title='bbox 349 2127 462 2194; x_wconf 89' lang='lat' dir='ltr'>Fis</span> <span class='ocrx_word' id='word_1_57' title='bbox 509 2129 706 2212; x_wconf 83' lang='lat' dir='ltr'>igitur</span> <span class='ocrx_word' id='word_1_58' title='bbox 749 2128 944 2193; x_wconf 87' lang='lat' dir='ltr'>nasci</span> <span class='ocrx_word' id='word_1_59' title='bbox 977 2127 1274 2193; x_wconf 90' lang='lat' dir='ltr'>videmus</span> <span class='ocrx_word' id='word_1_60' title='bbox 1321 2139 1617 2194; x_wconf 85' lang='lat' dir='ltr'>nostrum</span> <span class='ocrx_word' id='word_1_61' title='bbox 1662 2128 1993 2212; x_wconf 79' lang='lat' dir='ltr'>auspiciis,</span> <span class='ocrx_word' id='word_1_62' title='bbox 2026 2129 2269 2216; x_wconf 83' lang='lat' dir='ltr'>quibus</span> <span class='ocrx_word' id='word_1_63' title='bbox 2313 2130 2426 2198; x_wconf 84' lang='lat' dir='ltr'>vix</span> <span class='ocrx_word' id='word_1_64' title='bbox 2456 2130 2749 2199; x_wconf 74' lang='lat' dir='ltr'>invenias</span> 
     </span>
    </p>
   </div>
   <div class='ocr_carea' id='block_1_5' title="bbox 128 2235 2821 2331">
    <p class='ocr_par' dir='ltr' id='par_1_5' title="bbox 128 2235 2821 2331">
     <span class='ocr_line' id='line_1_8' title="bbox 128 2235 2821 2331; baseline 0.003 -29"><span class='ocrx_word' id='word_1_65' title='bbox 128 2237 363 2304; x_wconf 89' lang='lat' dir='ltr'>studiis</span> <span class='ocrx_word' id='word_1_66' title='bbox 412 2236 680 2306; x_wconf 86' lang='lat' dir='ltr'>Graecis</span> <span class='ocrx_word' id='word_1_67' title='bbox 728 2237 1058 2307; x_wconf 82' lang='lat' dir='ltr'>faustiora·</span> <span class='ocrx_word' id='word_1_68' title='bbox 1129 2247 1385 2324; x_wconf 87' lang='lat' dir='ltr'>patrem</span> <span class='ocrx_word' id='word_1_69' title='bbox 1431 2237 1681 2304; x_wconf 88' lang='lat' dir='ltr'>scilieet</span> <span class='ocrx_word' id='word_1_70' title='bbox 1714 2237 1946 2304; x_wconf 87' lang='lat' dir='ltr'>lulium</span> <span class='ocrx_word' id='word_1_71' title='bbox 1978 2235 2230 2308; x_wconf 82' lang='lat' dir='ltr'>Graece</span> <span class='ocrx_word' id='word_1_72' title='bbox 2262 2239 2438 2327; x_wconf 88' lang='lat' dir='ltr'>loqui</span> <span class='ocrx_word' id='word_1_73' title='bbox 2470 2240 2741 2310; x_wconf 89' lang='lat' dir='ltr'>solitum</span> <span class='ocrx_word' id='word_1_74' title='bbox 2816 2322 2821 2331; x_wconf 44' lang='grc'>,</span> 
     </span>
    </p>
   </div>
   <div class='ocr_carea' id='block_1_6' title="bbox 116 2350 2742 4435">
    <p class='ocr_par' dir='ltr' id='par_1_6' title="bbox 126 2350 2319 2661">
     <span class='ocr_line' id='line_1_9' title="bbox 126 2350 858 2426; baseline 0.003 -12"><span class='ocrx_word' id='word_1_75' title='bbox 126 2370 270 2415; x_wconf 83' lang='lat' dir='ltr'>csse</span> <span class='ocrx_word' id='word_1_76' title='bbox 315 2351 472 2417; x_wconf 89' lang='lat' dir='ltr'>dicit</span> <span class='ocrx_word' id='word_1_77' title='bbox 516 2350 607 2418; x_wconf 80' lang='lat' dir='ltr'>XI</span> <span class='ocrx_word' id='word_1_78' title='bbox 656 2368 690 2416; x_wconf 88' lang='lat'>2</span> <span class='ocrx_word' id='word_1_79' title='bbox 717 2383 858 2426; x_wconf 76' lang='lat'>9-10</span> 
     </span>
     <span class='ocr_line' id='line_1_10' title="bbox 445 2462 2319 2550; baseline 0.001 -21"><span class='ocrx_word' id='word_1_80' title='bbox 445 2484 750 2529; x_wconf 85' lang='lat' dir='ltr'>sermone</span> <span class='ocrx_word' id='word_1_81' title='bbox 800 2464 1242 2550; x_wconf 82' lang='lat' dir='ltr'>impromptus</span> <span class='ocrx_word' id='word_1_82' title='bbox 1289 2462 1501 2539; x_wconf 85' lang='lat' dir='ltr'>Latio,</span> <span class='ocrx_word' id='word_1_83' title='bbox 1552 2482 1778 2531; x_wconf 88' lang='lat' dir='ltr'>verum</span> <span class='ocrx_word' id='word_1_84' title='bbox 1828 2463 2053 2532; x_wconf 84' lang='lat' dir='ltr'>Attica</span> <span class='ocrx_word' id='word_1_85' title='bbox 2100 2463 2319 2549; x_wconf 77' lang='lat' dir='ltr'>lingua</span> 
     </span>
     <span class='ocr_line' id='line_1_11' title="bbox 878 2574 1971 2661; baseline 0.001 -23"><span class='ocrx_word' id='word_1_86' title='bbox 878 2574 1133 2641; x_wconf 72' lang='lat' dir='ltr'>suffecit</span> <span class='ocrx_word' id='word_1_87' title='bbox 1179 2574 1332 2639; x_wconf 84' lang='lat' dir='ltr'>culti</span> <span class='ocrx_word' id='word_1_88' title='bbox 1382 2574 1657 2641; x_wconf 89' lang='lat' dir='ltr'>vocibus</span> <span class='ocrx_word' id='word_1_89' title='bbox 1700 2574 1971 2661; x_wconf 87' lang='lat' dir='ltr'>eloquii..</span> 
     </span>
    </p>

    <p class='ocr_par' dir='ltr' id='par_1_7' title="bbox 123 2678 2742 2994">
     <span class='ocr_line' id='line_1_12' title="bbox 338 2678 2728 2773; baseline 0.001 -21"><span class='ocrx_word' id='word_1_90' title='bbox 338 2682 470 2752; x_wconf 86' lang='lat' dir='ltr'>Sed</span> <span class='ocrx_word' id='word_1_91' title='bbox 540 2685 888 2772; x_wconf 79' lang='lat' dir='ltr'>quominus</span> <span class='ocrx_word' id='word_1_92' title='bbox 957 2684 1058 2751; x_wconf 88' lang='lat' dir='ltr'>his</span> <span class='ocrx_word' id='word_1_93' title='bbox 1131 2683 1434 2771; x_wconf 81' lang='lat' dir='ltr'>auspiciis</span> <span class='ocrx_word' id='word_1_94' title='bbox 1503 2678 1930 2773; x_wconf 77' lang='lat' dir='ltr'>responderet</span> <span class='ocrx_word' id='word_1_95' title='bbox 2006 2695 2300 2764; x_wconf 75' lang='lat' dir='ltr'>eventus.</span> <span class='ocrx_word' id='word_1_96' title='bbox 2378 2685 2728 2773; x_wconf 83' lang='lat' dir='ltr'>impedivit</span> 
     </span>
     <span class='ocr_line' id='line_1_13' title="bbox 130 2794 2742 2883; baseline 0.002 -22"><span class='ocrx_word' id='word_1_97' title='bbox 130 2796 309 2879; x_wconf 90' lang='lat' dir='ltr'>quod</span> <span class='ocrx_word' id='word_1_98' title='bbox 362 2816 401 2863; x_wconf 93' lang='lat' dir='ltr'>a</span> <span class='ocrx_word' id='word_1_99' title='bbox 465 2797 675 2883; x_wconf 89' lang='lat' dir='ltr'>prima</span> <span class='ocrx_word' id='word_1_100' title='bbox 726 2794 990 2863; x_wconf 83' lang='lat' dir='ltr'>infantia</span> <span class='ocrx_word' id='word_1_101' title='bbox 1038 2796 1312 2864; x_wconf 88' lang='lat' dir='ltr'>traditus</span> <span class='ocrx_word' id='word_1_102' title='bbox 1375 2806 1473 2862; x_wconf 85' lang='lat' dir='ltr'>est</span> <span class='ocrx_word' id='word_1_103' title='bbox 1520 2796 1810 2862; x_wconf 83' lang='lat' dir='ltr'>Arborio</span> <span class='ocrx_word' id='word_1_104' title='bbox 1854 2797 2200 2867; x_wconf 88' lang='lat' dir='ltr'>avunculo.</span> <span class='ocrx_word' id='word_1_105' title='bbox 2296 2796 2443 2875; x_wconf 81' lang='lat' dir='ltr'>Hie.</span> <span class='ocrx_word' id='word_1_106' title='bbox 2498 2798 2742 2878; x_wconf 70' lang='lat' dir='ltr'>„frater</span> 
     </span>
     <span class='ocr_line' id='line_1_14' title="bbox 123 2900 2237 2994; baseline 0.002 -25"><span class='ocrx_word' id='word_1_107' title='bbox 123 2906 511 2989; x_wconf 81' lang='lat' dir='ltr'>genetricis⁸·</span> <span class='ocrx_word' id='word_1_108' title='bbox 557 2906 712 2992; x_wconf 88' lang='lat' dir='ltr'>(XV</span> <span class='ocrx_word' id='word_1_109' title='bbox 763 2921 794 2989; x_wconf 81' lang='grc'><strong><em>5</em></strong></span> <span class='ocrx_word' id='word_1_110' title='bbox 833 2908 896 2989; x_wconf 78' lang='lat'>⁷)</span> <span class='ocrx_word' id='word_1_111' title='bbox 944 2917 1085 2973; x_wconf 90' lang='lat' dir='ltr'>erat</span> <span class='ocrx_word' id='word_1_112' title='bbox 1132 2906 1353 2971; x_wconf 85' lang='lat' dir='ltr'>rhetor</span> <span class='ocrx_word' id='word_1_113' title='bbox 1397 2906 1667 2971; x_wconf 83' lang='lat' dir='ltr'>Latinus</span> <span class='ocrx_word' id='word_1_114' title='bbox 1715 2905 1867 2991; x_wconf 84' lang='lat' dir='ltr'>(XV</span> <span class='ocrx_word' id='word_1_115' title='bbox 1920 2919 2103 2990; x_wconf 73' lang='lat'>5112·</span> <span class='ocrx_word' id='word_1_116' title='bbox 2088 2900 2237 2994; x_wconf 85' lang='grc' dir='ltr'><strong>ι4).-</strong></span> 
     </span>
    </p>

    <p class='ocr_par' dir='ltr' id='par_1_8' title="bbox 442 3015 2193 3103">
     <span class='ocr_line' id='line_1_15' title="bbox 442 3015 2193 3103; baseline 0.001 -22"><span class='ocrx_word' id='word_1_117' title='bbox 442 3015 740 3103; x_wconf 84' lang='lat' dir='ltr'>(Tolosa)</span> <span class='ocrx_word' id='word_1_118' title='bbox 785 3016 1027 3083; x_wconf 83' lang='lat' dir='ltr'>ornasti</span> <span class='ocrx_word' id='word_1_119' title='bbox 1074 3017 1257 3081; x_wconf 86' lang='lat' dir='ltr'>cuius</span> <span class='ocrx_word' id='word_1_120' title='bbox 1305 3015 1496 3081; x_wconf 88' lang='lat' dir='ltr'>Latio</span> <span class='ocrx_word' id='word_1_121' title='bbox 1546 3035 1845 3081; x_wconf 87' lang='lat' dir='ltr'>sermone</span> <span class='ocrx_word' id='word_1_122' title='bbox 1890 3016 2193 3087; x_wconf 88' lang='lat' dir='ltr'>tribunal.</span> 
     </span>
    </p>

    <p class='ocr_par' dir='ltr' id='par_1_9' title="bbox 122 3123 2739 3413">
     <span class='ocr_line' id='line_1_16' title="bbox 337 3123 2739 3215; baseline 0.002 -24"><span class='ocrx_word' id='word_1_123' title='bbox 337 3123 556 3192; x_wconf 81' lang='lat' dir='ltr'>Senex</span> <span class='ocrx_word' id='word_1_124' title='bbox 603 3148 753 3192; x_wconf 90' lang='lat' dir='ltr'>eum</span> <span class='ocrx_word' id='word_1_125' title='bbox 788 3128 1122 3193; x_wconf 84' lang='lat' dir='ltr'>Ausonius</span> <span class='ocrx_word' id='word_1_126' title='bbox 1169 3128 1464 3193; x_wconf 88' lang='lat' dir='ltr'>versibus</span> <span class='ocrx_word' id='word_1_127' title='bbox 1510 3126 1798 3194; x_wconf 86' lang='lat' dir='ltr'>celebrat</span> <span class='ocrx_word' id='word_1_128' title='bbox 1840 3129 2203 3195; x_wconf 85' lang='lat' dir='ltr'>reverentia</span> <span class='ocrx_word' id='word_1_129' title='bbox 2242 3137 2443 3214; x_wconf 89' lang='lat' dir='ltr'>atque</span> <span class='ocrx_word' id='word_1_130' title='bbox 2488 3128 2739 3215; x_wconf 83' lang='lat' dir='ltr'>pietate</span> 
     </span>
     <span class='ocr_line' id='line_1_17' title="bbox 122 3235 2737 3323; baseline 0.002 -23"><span class='ocrx_word' id='word_1_131' title='bbox 122 3235 632 3303; x_wconf 82' lang='lat' dir='ltr'>redundantibus</span> <span class='ocrx_word' id='word_1_132' title='bbox 679 3236 832 3323; x_wconf 86' lang='lat' dir='ltr'>(XV</span> <span class='ocrx_word' id='word_1_133' title='bbox 887 3238 967 3323; x_wconf 81' lang='grc'>5).</span> <span class='ocrx_word' id='word_1_134' title='bbox 1083 3236 1356 3321; x_wconf 81' lang='lat' dir='ltr'>Quanto</span> <span class='ocrx_word' id='word_1_135' title='bbox 1404 3236 1781 3323; x_wconf 83' lang='lat' dir='ltr'>putabimus</span> <span class='ocrx_word' id='word_1_136' title='bbox 1846 3257 2121 3323; x_wconf 87' lang='lat' dir='ltr'>puerum</span> <span class='ocrx_word' id='word_1_137' title='bbox 2168 3257 2393 3305; x_wconf 87' lang='lat' dir='ltr'>amore</span> <span class='ocrx_word' id='word_1_138' title='bbox 2458 3239 2520 3304; x_wconf 91' lang='lat' dir='ltr'>in</span> <span class='ocrx_word' id='word_1_139' title='bbox 2587 3256 2737 3305; x_wconf 85' lang='lat' dir='ltr'>eum</span> 
     </span>
     <span class='ocr_line' id='line_1_18' title="bbox 122 3344 2377 3422; baseline -0.001 -12"><span class='ocrx_word' id='word_1_140' title='bbox 122 3344 317 3413; x_wconf 83' lang='lat' dir='ltr'>fuisse</span> <span class='ocrx_word' id='word_1_141' title='bbox 366 3366 734 3422; x_wconf 86' lang='lat' dir='ltr'>accensum,</span> <span class='ocrx_word' id='word_1_142' title='bbox 2372 3368 2377 3377; x_wconf 87' lang='lat'>·</span> 
     </span>
    </p>

    <p class='ocr_par' dir='ltr' id='par_1_10' title="bbox 122 3418 2665 3764">
     <span class='ocr_line' id='line_1_19' title="bbox 442 3418 2271 3543; baseline 0.003 -24"><span class='ocrx_word' id='word_1_143' title='bbox 442 3455 551 3539; x_wconf 90' lang='lat' dir='ltr'>qui</span> <span class='ocrx_word' id='word_1_144' title='bbox 598 3476 670 3520; x_wconf 88' lang='lat' dir='ltr'>se</span> <span class='ocrx_word' id='word_1_145' title='bbox 697 3418 1076 3524; x_wconf 86' lang='lat' dir='ltr'>lactantem</span> <span class='ocrx_word' id='word_1_146' title='bbox 1121 3478 1398 3543; x_wconf 90' lang='lat' dir='ltr'>puerum</span> <span class='ocrx_word' id='word_1_147' title='bbox 1449 3456 1885 3543; x_wconf 87' lang='lat' dir='ltr'>iuvenemque</span> <span class='ocrx_word' id='word_1_148' title='bbox 1934 3458 2271 3543; x_wconf 89' lang='lat' dir='ltr'>virumque</span> 
     </span>
     <span class='ocr_line' id='line_1_20' title="bbox 439 3565 1812 3650; baseline 0.003 -21"><span class='ocrx_word' id='word_1_149' title='bbox 439 3565 690 3630; x_wconf 89' lang='lat' dir='ltr'>artibus</span> <span class='ocrx_word' id='word_1_150' title='bbox 735 3578 1016 3646; x_wconf 82' lang='lat' dir='ltr'>ornaret,</span> <span class='ocrx_word' id='word_1_151' title='bbox 1067 3588 1233 3650; x_wconf 86' lang='lat' dir='ltr'>quas</span> <span class='ocrx_word' id='word_1_152' title='bbox 1281 3568 1587 3633; x_wconf 83' lang='lat' dir='ltr'>didicisse</span> <span class='ocrx_word' id='word_1_153' title='bbox 1632 3570 1812 3633; x_wconf 89' lang='lat' dir='ltr'>iuvat</span> 
     </span>
     <span class='ocr_line' id='line_1_21' title="bbox 122 3674 2665 3764; baseline 0.003 -24"><span class='ocrx_word' id='word_1_154' title='bbox 122 3675 189 3764; x_wconf 90' lang='grc' dir='ltr'>(Ι.</span> <span class='ocrx_word' id='word_1_155' title='bbox 238 3674 275 3742; x_wconf 93' lang='lat' dir='ltr'>l.</span> <span class='ocrx_word' id='word_1_156' title='bbox 328 3709 388 3751; x_wconf 76' lang='lat'>9</span> <span class='ocrx_word' id='word_1_157' title='bbox 414 3676 521 3763; x_wconf 77' lang='grc' dir='ltr'><strong>ιο).</strong></span> <span class='ocrx_word' id='word_1_158' title='bbox 2659 3740 2665 3747; x_wconf 94' lang='grc'><strong>.</strong></span> 
     </span>
    </p>

    <p class='ocr_par' dir='ltr' id='par_1_11' title="bbox 116 3785 2737 4097">
     <span class='ocr_line' id='line_1_22' title="bbox 332 3785 2737 3867; baseline 0 -14"><span class='ocrx_word' id='word_1_159' title='bbox 332 3787 470 3854; x_wconf 89' lang='lat' dir='ltr'>Nec</span> <span class='ocrx_word' id='word_1_160' title='bbox 518 3785 721 3852; x_wconf 90' lang='lat' dir='ltr'>modo</span> <span class='ocrx_word' id='word_1_161' title='bbox 752 3788 979 3855; x_wconf 86' lang='lat' dir='ltr'>litteris</span> <span class='ocrx_word' id='word_1_162' title='bbox 1024 3789 1127 3857; x_wconf 93' lang='lat' dir='ltr'>ille</span> <span class='ocrx_word' id='word_1_163' title='bbox 1173 3790 1657 3857; x_wconf 87' lang='lat' dir='ltr'>adulescentem</span> <span class='ocrx_word' id='word_1_164' title='bbox 1705 3787 1961 3854; x_wconf 88' lang='lat' dir='ltr'>videtur</span> <span class='ocrx_word' id='word_1_165' title='bbox 2006 3788 2334 3867; x_wconf 84' lang='lat' dir='ltr'>imbuisse,</span> <span class='ocrx_word' id='word_1_166' title='bbox 2374 3786 2521 3857; x_wconf 82' lang='lat' dir='ltr'>sed</span> <span class='ocrx_word' id='word_1_167' title='bbox 2537 3790 2737 3865; x_wconf 80' lang='lat' dir='ltr'>etiam</span> 
     </span>
     <span class='ocr_line' id='line_1_23' title="bbox 118 3900 2731 3986; baseline 0 -21"><span class='ocrx_word' id='word_1_168' title='bbox 118 3900 344 3986; x_wconf 89' lang='lat' dir='ltr'>primis</span> <span class='ocrx_word' id='word_1_169' title='bbox 432 3901 572 3965; x_wconf 90' lang='lat' dir='ltr'>eius</span> <span class='ocrx_word' id='word_1_170' title='bbox 655 3901 964 3981; x_wconf 84' lang='lat' dir='ltr'>poetandi</span> <span class='ocrx_word' id='word_1_171' title='bbox 1061 3903 1515 3967; x_wconf 87' lang='lat' dir='ltr'>conaminibus</span> <span class='ocrx_word' id='word_1_172' title='bbox 1602 3902 1739 3964; x_wconf 85' lang='lat' dir='ltr'>dux</span> <span class='ocrx_word' id='word_1_173' title='bbox 1829 3908 2031 3981; x_wconf 88' lang='lat' dir='ltr'>atque</span> <span class='ocrx_word' id='word_1_174' title='bbox 2120 3910 2335 3967; x_wconf 90' lang='lat' dir='ltr'>rector</span> <span class='ocrx_word' id='word_1_175' title='bbox 2416 3901 2731 3973; x_wconf 78' lang='lat' dir='ltr'>extitisse.</span> 
     </span>
     <span class='ocr_line' id='line_1_24' title="bbox 116 4010 538 4097; baseline 0.012 -23"><span class='ocrx_word' id='word_1_176' title='bbox 116 4011 202 4081; x_wconf 80' lang='lat' dir='ltr'>cf.</span> <span class='ocrx_word' id='word_1_177' title='bbox 251 4010 380 4079; x_wconf 84' lang='lat' dir='ltr'>XV</span> <span class='ocrx_word' id='word_1_178' title='bbox 432 4025 462 4097; x_wconf 83' lang='grc'>5</span> <span class='ocrx_word' id='word_1_179' title='bbox 489 4045 538 4085; x_wconf 78' lang='lat'>²⁴</span> 
     </span>
    </p>

    <p class='ocr_par' dir='ltr' id='par_1_12' title="bbox 440 4122 1856 4192">
     <span class='ocr_line' id='line_1_25' title="bbox 440 4122 1856 4192; baseline -0.002 -2"><span class='ocrx_word' id='word_1_180' title='bbox 440 4124 606 4192; x_wconf 87' lang='lat' dir='ltr'>haec</span> <span class='ocrx_word' id='word_1_181' title='bbox 651 4124 767 4191; x_wconf 89' lang='lat' dir='ltr'>tibi</span> <span class='ocrx_word' id='word_1_182' title='bbox 815 4122 900 4189; x_wconf 92' lang='lat' dir='ltr'>de</span> <span class='ocrx_word' id='word_1_183' title='bbox 945 4122 1151 4189; x_wconf 89' lang='lat' dir='ltr'>Musis</span> <span class='ocrx_word' id='word_1_184' title='bbox 1192 4124 1478 4190; x_wconf 91' lang='lat' dir='ltr'>carmina</span> <span class='ocrx_word' id='word_1_185' title='bbox 1526 4122 1662 4188; x_wconf 91' lang='lat' dir='ltr'>libo</span> <span class='ocrx_word' id='word_1_186' title='bbox 1710 4122 1856 4188; x_wconf 89' lang='lat' dir='ltr'>tuis.</span> 
     </span>
    </p>

    <p class='ocr_par' dir='ltr' id='par_1_13' title="bbox 331 4219 2736 4320">
     <span class='ocr_line' id='line_1_26' title="bbox 331 4219 2736 4320; baseline -0 -21"><span class='ocrx_word' id='word_1_187' title='bbox 331 4233 562 4320; x_wconf 89' lang='lat' dir='ltr'>Itaque</span> <span class='ocrx_word' id='word_1_188' title='bbox 608 4234 800 4301; x_wconf 85' lang='lat' dir='ltr'>huius</span> <span class='ocrx_word' id='word_1_189' title='bbox 847 4235 1239 4300; x_wconf 85' lang='lat' dir='ltr'>auctoritate</span> <span class='ocrx_word' id='word_1_190' title='bbox 1286 4234 1547 4299; x_wconf 88' lang='lat' dir='ltr'>videtur</span> <span class='ocrx_word' id='word_1_191' title='bbox 1594 4231 1837 4300; x_wconf 88' lang='lat' dir='ltr'>sactum</span> <span class='ocrx_word' id='word_1_192' title='bbox 1886 4219 2033 4298; x_wconf 84' lang='lat' dir='ltr'>esse</span> <span class='ocrx_word' id='word_1_193' title='bbox 2082 4242 2151 4301; x_wconf 87' lang='lat' dir='ltr'>ut</span> <span class='ocrx_word' id='word_1_194' title='bbox 2184 4231 2521 4301; x_wconf 79' lang='lat' dir='ltr'>Ausonius</span> <span class='ocrx_word' id='word_1_195' title='bbox 2570 4252 2736 4317; x_wconf 82' lang='lat' dir='ltr'>puer</span> 
     </span>
    </p>

    <p class='ocr_par' dir='ltr' id='par_1_14' title="bbox 116 4340 2735 4435">
     <span class='ocr_line' id='line_1_27' title="bbox 116 4340 2735 4435; baseline 0 -27"><span class='ocrx_word' id='word_1_196' title='bbox 116 4343 317 4410; x_wconf 86' lang='lat' dir='ltr'>multo</span> <span class='ocrx_word' id='word_1_197' title='bbox 349 4347 557 4412; x_wconf 88' lang='lat' dir='ltr'>acrius</span> <span class='ocrx_word' id='word_1_198' title='bbox 605 4347 1012 4413; x_wconf 86' lang='lat' dir='ltr'>incumberet</span> <span class='ocrx_word' id='word_1_199' title='bbox 1056 4347 1116 4412; x_wconf 90' lang='lat' dir='ltr'>in</span> <span class='ocrx_word' id='word_1_200' title='bbox 1151 4348 1413 4432; x_wconf 81' lang='lat' dir='ltr'>linguae</span> <span class='ocrx_word' id='word_1_201' title='bbox 1442 4343 1829 4411; x_wconf 83' lang='lat' dir='ltr'>vernaculae</span> <span class='ocrx_word' id='word_1_202' title='bbox 1872 4343 2160 4413; x_wconf 85' lang='lat' dir='ltr'>studium</span> <span class='ocrx_word' id='word_1_203' title='bbox 2197 4362 2396 4435; x_wconf 85' lang='lat' dir='ltr'>quarn</span> <span class='ocrx_word' id='word_1_204' title='bbox 2422 4340 2735 4433; x_wconf 81' lang='lat' dir='ltr'>Graecae.</span> 
     </span>
    </p>
   </div>
  </div>
 </body>
</html>
