3076 4854
1540 222 1627 287 ⁸⁶1

271 432 717 513 quaerendum
766 443 886 508 est.
915 441 1129 496 utrum
1178 431 1266 496 de
1309 450 1432 494 suo
1474 440 1695 497 cetera
1740 430 2009 495 mutarit
2052 431 2157 494 vel
2184 429 2510 496 addiderit
2541 449 2627 496 an
2656 429 2881 514 aliquo

271 539 545 608 artificio
588 541 840 614 ductus.

485 651 854 718 Artificium
926 673 1076 716 cum
1147 652 1299 718 love
1363 650 1790 734 Minervaque
1832 651 2142 718 Phidiaca
2198 661 2657 737 comparatum
2717 652 2879 717 item

269 773 488 830 statua
532 763 616 828 sit
664 782 932 830 necesse
976 773 1096 840 est.
1149 783 1278 830 non
1322 761 1769 850 anaglyphon.
1816 761 2061 830 Contra
2094 761 2449 831 Metanoea
2490 782 2643 830 cum
2672 760 2879 832 oeca-

267 877 457 940 cione
499 884 632 939 tam
683 884 860 938 arcte
905 875 1250 940 coniuncta
1299 882 1368 939 ut
1413 894 1541 943 una
1602 871 1921 939 efficiatur
1980 885 2198 938 statua
2260 871 2415 956 fingi
2478 873 2591 938 vix
2636 881 2879 958 potest.

371 1061 376 1066 ,
482 985 764 1051 Occasio
815 985 1090 1052 Ausonii
1141 985 1380 1050 femina
1408 987 1555 1052 dea
1598 996 1719 1060 est.
1766 983 2017 1072 Καιρὸς
2060 985 2261 1064 deus3
2333 985 2515 1070 atqui
2582 1006 2687 1052 ars
2748 986 2874 1050 Ro·
2966 995 2983 1004 ²

269 1115 466 1162 mana
529 1096 699 1161 adeo
759 1115 1020 1179 semper
1085 1094 1202 1161 suit
1267 1095 1332 1161 in
1389 1094 1646 1161 dicione
1692 1092 1948 1162 Graeca
2002 1093 2105 1179 (cs.
2150 1095 2363 1178 anagl.
2410 1095 2872 1186 Torcenense),

272 1217 340 1273 ut
387 1229 516 1274 non
565 1209 828 1274 credam
876 1217 1161 1274 statuam
1209 1207 1594 1276 occasionis
1642 1205 1924 1275 feminae
1971 1226 2259 1291 unquam
2302 1205 2525 1281 fuisse.

482 1316 710 1383 Facies
755 1319 931 1394 crine
979 1319 1064 1384 ita
1114 1329 1288 1384 tecta
1339 1328 1410 1384 ut
1454 1320 1766 1402 cognosci
1833 1327 2117 1403 nequeat
2159 1339 2197 1383 a
2242 1319 2473 1403 quovis
2533 1317 2667 1386 fere
2725 1319 2872 1385 arti·

267 1427 414 1492 ficio
459 1427 787 1534 abhorret.
887 1429 1069 1494 Haec
1135 1429 1400 1513 quidem
1477 1429 1753 1494 mutatio
1816 1426 2094 1496 sortasse
2152 1449 2236 1496 eo
2282 1430 2645 1515 explicatur
2688 1431 2872 1517 quod

265 1549 516 1602 noster
535 1537 838 1602 seminam
887 1538 1073 1622 fingit
1120 1537 1573 1614 Occasionem,
1638 1539 1824 1602 cuius
1868 1537 2106 1622 capillo
2168 1539 2589 1622 promissiore
2636 1539 2871 1608 faeiem

179 1635 187 1642 ’
263 1647 444 1712 facile
489 1649 808 1729 cooperiri
857 1663 1154 1732 apertum
1204 1659 1319 1714 est.

479 1756 676 1822 Hisce
721 1759 933 1823 causis
966 1779 1095 1823 non
1132 1758 1330 1822 credo
1364 1755 1733 1824 Ausonium
1765 1731 2029 1842 aliquod
2060 1754 2405 1826 artificium
2442 1758 2583 1826 eius
2611 1761 2872 1844 generis

261 1865 522 1932 vidisse.
619 1865 862 1932 Notatu
936 1888 1092 1932 vero
1157 1867 1434 1950 dignum
1494 1867 1750 1933 videtur
1809 1867 1993 1953 quod
2052 1866 2387 1934 Ausonius
2433 1867 2869 1937 Occasionem
2968 1943 2975 1950 ,

258 1979 753 2060 quodammodo
805 1980 1132 2044 Fortunae
1181 1981 1356 2042 vices
1402 1990 1715 2062 agentem
1763 1979 1935 2053 facit.
1983 1977 2064 2043 cs.
2113 1999 2169 2044 ν.
2225 1993 2254 2061 ς

967 2176 971 2180 ῃ
1435 2087 1791 2152 Mercurius
1836 2109 2009 2170 quae

451 2267 458 2276 ‚
581 2197 907 2264 fortunare
954 2199 1144 2278 solet.
1212 2200 1401 2266 trado
1445 2219 1578 2284 ego
1643 2217 1793 2262 cum
1858 2197 2051 2264 volui.

474 2309 760 2375 Fortuna
830 2331 986 2375 vero
1059 2312 1186 2375 dea
1256 2312 1434 2394 apud
1506 2311 1669 2379 Aus.
1736 2309 2000 2392 saepius
2048 2309 2353 2390 occurrit,
2408 2309 2485 2374 cs.
2536 2311 2680 2376 XIII
2733 2330 2866 2385 2⁸⁵.

255 2419 382 2487 XV
427 2420 471 2485 6
501 2454 563 2495 η,
616 2438 698 2502 24
727 2454 791 2493 η,
840 2421 1052 2489 XVIII
1104 2439 1260 2495 εμπ.
1314 2421 1486 2487 Huic
1529 2419 1850 2505 sphaerae
1894 2421 1996 2487 vel
2044 2430 2237 2491 rotae.
2273 2421 2653 2506 symbolum
2704 2423 2861 2490 addi

253 2527 420 2594 solet
453 2534 495 2617 ι)
564 2530 745 2611 (Ans.
780 2530 905 2596 XV
940 2549 1022 2611 24
1051 2562 1130 2601 ι.;ι
1190 2541 1344 2606 „aut
1390 2530 1513 2596 iam
1564 2530 1893 2595 Fortunae
1926 2531 2022 2595 sie
2068 2551 2138 2595 se
2183 2512 2440 2613 vertigo
2489 2533 2864 2619 rotabat··);

253 2641 346 2705 sic
396 2639 668 2707 fortasse
719 2642 925 2707 rotula
975 2642 1353 2727 explicatur.

189 2810 244 2843 Μ,
473 2743 872 2816 Poenit'entia
937 2761 1090 2836 post
1160 2750 1594 2817 Occasionem
1672 2773 1710 2817 e
1772 2754 2079 2818 manibus
2142 2751 2431 2838 elapsam
2515 2772 2869 2821 remanens

252 2862 421 2927 adeo
469 2863 530 2927 in
577 2875 887 2953 promptu
938 2874 1056 2940 est,
1128 2876 1197 2929 ut
1267 2881 1476 2948 paene
1523 2861 1705 2927 locus
1750 2862 2047 2927 videatur
2113 2860 2500 2938 communis,
2549 2861 2733 2927 cuius
2781 2862 2861 2927 si·

252 2973 588 3038 millimum
638 2976 819 3055 legas
866 2976 1062 3040 etiam
1112 2975 1271 3041 Aus,
1322 2973 1682 3040 XXm-m

577 3096 873 3167 reputate
917 3086 1132 3150 cuncti
1183 3086 1487 3168 quotiens
1533 3067 1851 3149 ofl'e‘nsam
1900 3084 2142 3148 incidat

496 3179 522 3189 ”
575 3202 870 3278 spectata
915 3194 1016 3257 eui
1064 3213 1195 3258 non
1244 3191 1434 3259 fuerit
1475 3193 1977 3277 opportunitas3

249 3316 459 3389 prope·
505 3305 701 3370 etiam
749 3306 834 3370 ad
884 3315 1176 3370 nostrum
1208 3305 1457 3369 accedit
1489 3305 1574 3373 A.
1615 3307 1671 3371 P.
1708 3305 1772 3373 X
1796 3336 1846 3377 ³7
1890 3309 2267 3373 Λουκιανοῦ

570 3412 710 3481 αἰὲν
738 3402 1135 3503 ἐφελκομένη
1184 3411 1309 3501 τὴν
1351 3412 1735 3483 Μετάνοιαν
1778 3410 1921 3500 ἔχει.
1952 3416 1999 3501 ²)

463 3525 691 3607 ltaque
761 3524 961 3587 etiam
1030 3524 1417 3589 Metanoeae
1479 3525 2001 3590 additamentum
2060 3522 2180 3607 ipsi
2253 3521 2585 3607 Ausonio·
2633 3522 2859 3589 deberi
2950 3554 3005 3574 -·

249 3637 384 3705 veri
450 3658 580 3702 non
651 3646 752 3703 est
829 3634 1155 3705 dissimile.
1250 3635 1448 3719 Quod
1515 3654 1675 3702 vero
1720 3632 2435 3722 Occasionovaculam
2470 3652 2607 3727 non⁸
2632 3628 2863 3711 haben

249 3748 654 3833 saepiuscule
690 3748 751 3811 in
800 3746 1130 3812 vertendis
1178 3746 1676 3831 epigrammatis
1718 3745 1961 3830 aliquid
2009 3764 2158 3812 eum
2192 3744 2627 3827 omittentem]
2643 3763 2863 3832 neque

469 4037 509 4108 ⁸)
565 4038 630 4094 es.
679 4039 842 4094 Galen
894 4036 1091 4095 adhort.
1133 4050 1162 4091 a
1209 4042 1324 4094 τοῖν
1380 4038 1571 4093 ποδοῖν
1620 4034 1889 4092 ὑπέθεσαν
1941 3993 2089 4105 βάσιν)
2152 4034 2439 4106 σφαιρικὴν
2499 4043 2553 4119 et
2604 3979 2741 4093 ΞΜ.
2790 4034 2859 4090 de

247 4128 358 4189 sort.
397 4131 472 4185 111
510 4131 642 4198 ὑπᾶρ
681 4132 912 4197 σφαίρας
949 4131 1088 4195 τινὸς
1123 4132 1283 4201 ἱχνος
1318 4132 1592 4183 sufflatae.

465 4222 505 4298 ’)
573 4225 799 4293 Benigne
841 4232 894 4276 ut
931 4224 1058 4277 solet
1098 4225 1292 4277 monuit
1337 4224 1494 4275 Foers
1495 4232 1569 4276 ter
1608 4221 1905 4275 Metanoeae
1945 4236 2212 4293 personam
2250 4221 2401 4277 etiarn
2430 4221 2557 4279 Luc.
2595 4220 2660 4275 de
2698 4236 2853 4275 ruere.

246 4318 392 4371 cond.
433 4330 502 4387 4²
541 4327 662 4377 extr.
701 4325 918 4383 extare,
924 4316 1029 4382 ,τὸν
1069 4316 1262 4374 ἄθλιον
1301 4314 1788 4374 launoudwoaw‘
1826 4314 1879 4371 ln
1918 4316 2047 4373 vitae
2083 4314 2277 4371 euucae
2313 4314 2508 4386 pletura
2544 4312 2743 4372 Getieis.
